@book{his,
    author = {A Winter and R Haux and E Ammenwerth and B Brigl and N Hellrung and F Jahn},
    year = {2011},
    title = {Health Information Systems: Architectures and Strategies. 2nd Edition},
    volume = {ISBN-978-1-84996-440-1},
    pages = {1-374}
}

@inproceedings{fard2013jsnose,
  title={Jsnose: Detecting javascript code smells},
  author={Fard, Amin Milani and Mesbah, Ali},
  booktitle={2013 IEEE 13th International Working Conference on Source Code Analysis and Manipulation (SCAM)},
  pages={116--125},
  year={2013},
  organization={IEEE}
}

@misc{WordCount,
title = {Durch­schnitt­­liche Länge eines deutschen Wortes}
howpublished = {\url{https://www.duden.de/sprachwissen/sprachratgeber/Durchschnittliche-Lange-eines-deutschen-Wortes}}
note = {Letzter Zugriff: 22.10.2020 18:00}
}
